<?xml version="1.0" encoding="utf-8"?>
<record xmlns="http://www.loc.gov/MARC21/slim" xmlns:xsi="http://www.w3.org/2001/XMLSchema-instance" xsi:schemaLocation="http://www.loc.gov/MARC21/slim http://www.loc.gov/standards/marcxml/schema/MARC21slim.xsd">
	<leader>     nam a22     Mi 4500</leader>
	<controlfield tag="001">b12692864</controlfield>
	<controlfield tag="003">UaCaAUL</controlfield>
	<controlfield tag="006">m        d        </controlfield>
	<controlfield tag="007">cr cn |||m|||a</controlfield>
	<controlfield tag="008">180411m19149999ua      ob    000 0 ara d</controlfield>
	<datafield ind1=" " ind2=" " tag="040">
		<subfield code="a">ZYU</subfield>
		<subfield code="b">eng</subfield>
		<subfield code="e">rda</subfield>
		<subfield code="c">ZYU</subfield>
	</datafield>
	<datafield ind1=" " ind2=" " tag="043">
		<subfield code="a">f-ua---</subfield>
	</datafield>
	<datafield ind1=" " ind2="4" tag="050">
		<subfield code="a">DT107</subfield>
		<subfield code="b">.D4212x 1914</subfield>
	</datafield>
	<datafield ind1="1" ind2=" " tag="100">
		<subfield code="6">880-01</subfield>
		<subfield code="a">Dhuhnī, ʻAbd al-Salām,</subfield>
		<subfield code="e">author.</subfield>
	</datafield>
	<datafield ind1="1" ind2="0" tag="240">
		<subfield code="a">La responsabilité de l'Etat égyptien à raison de l'exercice de la puissance publique.</subfield>
		<subfield code="l">Arabic.</subfield>
	</datafield>
	<datafield ind1="1" ind2="0" tag="245">
		<subfield code="6">880-02</subfield>
		<subfield code="a">Masʼūlīyat al-ḥukūmah al-Miṣrīyah bi-iʻtibārihā ṣāḥibat al-wilāyah al-ʻāmmah /</subfield>
		<subfield code="c">taʼlīf ʻAbd al-Salām Dhuhnī, afūkātū amām Maḥkamat al-Istiʼnāf, duktūr fī al-Ḥuqūq (al-ʻulūm al-qānūnīyah).</subfield>
	</datafield>
	<datafield ind1=" " ind2="1" tag="264">
		<subfield code="6">880-03</subfield>
		<subfield code="a">Miṣr :</subfield>
		<subfield code="b">Maṭbaʻat al-Maʻārif,</subfield>
		<subfield code="c">1914-</subfield>
	</datafield>
	<datafield ind1=" " ind2=" " tag="300">
		<subfield code="a">online resource (volumes &lt;1-2&gt;)</subfield>
	</datafield>
	<datafield ind1=" " ind2=" " tag="336">
		<subfield code="a">text</subfield>
		<subfield code="2">rdacontent</subfield>
	</datafield>
	<datafield ind1=" " ind2=" " tag="337">
		<subfield code="a">computer</subfield>
		<subfield code="2">rdamedia</subfield>
	</datafield>
	<datafield ind1=" " ind2=" " tag="338">
		<subfield code="a">online resource</subfield>
		<subfield code="2">rdacarrier</subfield>
	</datafield>
	<datafield ind1="1" ind2=" " tag="490">
		<subfield code="6">880-04</subfield>
		<subfield code="a">Muʼallafāt al-Maʻhad al-ʻIlmī al-Sharqī lil-Mabāḥith al-Qānūnīyah wa-al-Ijtimāʻīyah ;</subfield>
		<subfield code="v">al-ḥalaqah 2-3</subfield>
	</datafield>
	<datafield ind1=" " ind2=" " tag="500">
		<subfield code="a">Includes errata pages.</subfield>
	</datafield>
	<datafield ind1=" " ind2=" " tag="500">
		<subfield code="6">880-05</subfield>
		<subfield code="a">At head of title page: Muʼallafāt al-Maʻhad al-ʻIlmī al-Sharqī lil-Mabāḥith al-Qānūnīyah wa-al-Ijtimāʻīyah tunshar taḥta ishrāf al-ustādh Idwār Lambīr, al-mudarris bi-Jāmiʻat Līyūn wa-nāẓir Madrasat al-Ḥuqūq al-Khidīwīyah bi-Miṣr sābiqan.</subfield>
	</datafield>
	<datafield ind1=" " ind2=" " tag="500">
		<subfield code="a">Translation of: La responsabilité de l'Etat égyptien à raison de l'exercice de la puissance publique.</subfield>
	</datafield>
	<datafield ind1=" " ind2=" " tag="500">
		<subfield code="a">Part of the Arabic Collections Online (ACO) project, contributed by American University in Cairo Library.</subfield>
	</datafield>
	<datafield ind1=" " ind2=" " tag="533">
		<subfield code="a">Electronic reproduction.</subfield>
		<subfield code="b">New York, N.Y. :</subfield>
		<subfield code="c">New York University,</subfield>
		<subfield code="d">2018.</subfield>
		<subfield code="5">NNU</subfield>
	</datafield>
	<datafield ind1=" " ind2="0" tag="651">
		<subfield code="a">Egypt</subfield>
		<subfield code="x">Politics and government.</subfield>
	</datafield>
	<datafield ind1="2" ind2=" " tag="710">
		<subfield code="a">American University in Cairo.</subfield>
		<subfield code="b">Library.</subfield>
	</datafield>
	<datafield ind1="0" ind2=" " tag="730">
		<subfield code="a">Arabic Collections Online.</subfield>
	</datafield>
	<datafield ind1="0" ind2="8" tag="776">
		<subfield code="i">Print version:</subfield>
		<subfield code="a">Dhuhnī, ʻAbd al-Salām, author.</subfield>
		<subfield code="t">Masʼūlīyat al-ḥukūmah al-Miṣrīyah bi-iʻtibārihā ṣāḥibat al-wilāyah al-ʻāmmah</subfield>
		<subfield code="w">(UaCaAUL)b12692864</subfield>
	</datafield>
	<datafield ind1=" " ind2="0" tag="830">
		<subfield code="6">880-06</subfield>
		<subfield code="a">Muʼallafāt al-Maʻhad al-ʻIlmī al-Sharqī lil-Mabāḥith al-Qānūnīyah wa-al-Ijtimāʻīyah ;</subfield>
		<subfield code="v">al-ḥalaqah 2-3.</subfield>
	</datafield>
	<datafield ind1="4" ind2="0" tag="856">
		<subfield code="u">http://hdl.handle.net/2333.1/fn2z3bd9</subfield>
	</datafield>
	<datafield ind1="1" ind2=" " tag="880">
		<subfield code="6">100-01</subfield>
		<subfield code="a">ذهني، عبد السلام.</subfield>
	</datafield>
	<datafield ind1="1" ind2="0" tag="880">
		<subfield code="6">245-02</subfield>
		<subfield code="a">مسئولية الحكومة المصرية باعتبارها صاحبة الولاية العامة /‪</subfield>
		<subfield code="c">تأليف عبد السلام ذهني، أفوكاتو أمام محكمة الاستئناف، دكتور في الحقوق (العلوم القانونية).</subfield>
	</datafield>
	<datafield ind1=" " ind2="1" tag="880">
		<subfield code="6">264-03</subfield>
		<subfield code="a">مصر :‪</subfield>
		<subfield code="b">مطبعة المعارف،‪</subfield>
		<subfield code="c">1914-</subfield>
	</datafield>
	<datafield ind1="1" ind2=" " tag="880">
		<subfield code="6">490-04</subfield>
		<subfield code="a">مؤلفات المعهد العلمي الشرقي للمباحث القانونية والاجتماعية ؛</subfield>
		<subfield code="v">الحلقة 2-3</subfield>
	</datafield>
	<datafield ind1=" " ind2=" " tag="880">
		<subfield code="6">500-05</subfield>
		<subfield code="a">At head of title page: مؤلفات المعهد العلمي الشرقي للمباحث القانونية والاجتماعية تنشر تحت إشراف الأستاذ ادوار لمبير، المدرس بجامعة ليون وناظر مدرسة الحقوق الخديوية بمصر سابقا..</subfield>
	</datafield>
	<datafield ind1=" " ind2="0" tag="880">
		<subfield code="6">830-06</subfield>
		<subfield code="a">مؤلفات المعهد العلمي الشرقي للمباحث القانونية والاجتماعية ؛‪</subfield>
		<subfield code="v">الحلقة 2-3.</subfield>
	</datafield>
	<datafield ind1=" " ind2=" " tag="902">
		<subfield code="a">171012</subfield>
	</datafield>
	<datafield ind1=" " ind2=" " tag="959">
		<subfield code="a">NNU</subfield>
		<subfield code="b">WEB</subfield>
		<subfield code="c">GENI</subfield>
		<subfield code="t">0</subfield>
		<subfield code="m">Electronic access</subfield>
		<subfield code="s">01</subfield>
	</datafield>
	<datafield ind1=" " ind2=" " tag="999">
		<subfield code="i">UaCaAUL_b12692864</subfield>
		<subfield code="s">auc_aco000390:v.1</subfield>
		<subfield code="s">auc_aco000391:v.2</subfield>
		<subfield code="e">(ERROR-880)</subfield>
		<subfield code="s">auc_aco000390:v.1</subfield>
		<subfield code="s">auc_aco000391:v.2</subfield>
	</datafield>
</record>
